@article{sample1,
  author = {ore},
  title = {Title of the Paper},
  journal = {Journal Name},
  year = {2024},
  volume = {12},
  number = {3},
  pages = {123-130}
}

@article{sample2,
  author = {watashi},
  title = {Title of the Paper},
  journal = {Journal Name},
  year = {2024},
  volume = {12},
  number = {3},
  pages = {123-130}
}

@article{sample3,
  author = {åƒ•},
  title = {Title of the Paper},
  journal = {Journal Name},
  year = {2024},
  volume = {12},
  number = {3},
  pages = {123-130}
}
